@article{Carles2020,
author = {Carles Bret{\'o} and Edward L. Ionides and Aaron A. King},
title = {Panel Data Analysis via Mechanistic Models},
journal = {Journal of the American Statistical Association},
volume = {115},
number = {531},
pages = {1178-1188},
year  = {2020},
publisher = {Taylor & Francis},
doi = {10.1080/01621459.2019.1604367},
URL = {https://doi.org/10.1080/01621459.2019.1604367},
eprint = {https://doi.org/10.1080/01621459.2019.1604367}
}

@article{ionides2011iterated,
  title={Iterated filtering},
  author={Ionides, Edward L and Bhadra, Anindya and Atchad{\'e}, Yves and King, Aaron},
  year={2011}
}

@article{ma2021unified,
  title={A unified survival-analysis approach to insect population development and survival times},
  author={Ma, Zhanshan},
  journal={Scientific Reports},
  volume={11},
  number={1},
  pages={8223},
  year={2021},
  publisher={Nature Publishing Group UK London}
}

article{young1998data,
  title={Data-based mechanistic modelling of environmental, ecological, economic and engineering systems},
  author={Young, Peter},
  journal={Environmental Modelling \& Software},
  volume={13},
  number={2},
  pages={105--122},
  year={1998},
  publisher={Elsevier}
}

@article{ning2021systemic,
  title={Systemic Infinitesimal Over-dispersion on Graphical Dynamic Models},
  author={Ning, Ning and Ionides, Edward L},
  journal={arXiv preprint arXiv:2106.10387},
  year={2021}
}

@article{bozdogan1987model,
  title={Model selection and Akaike's information criterion (AIC): The general theory and its analytical extensions},
  author={Bozdogan, Hamparsum},
  journal={Psychometrika},
  volume={52},
  number={3},
  pages={345--370},
  year={1987},
  publisher={Springer}
}

@article{nylund2007deciding,
  title={Deciding on the number of classes in latent class analysis and growth mixture modeling: A Monte Carlo simulation study},
  author={Nylund, Karen L and Asparouhov, Tihomir and Muth{\'e}n, Bengt O},
  journal={Structural equation modeling: A multidisciplinary Journal},
  volume={14},
  number={4},
  pages={535--569},
  year={2007},
  publisher={Taylor \& Francis}
}


@article{mouquet2015predictive,
  title={Predictive ecology in a changing world},
  author={Mouquet, Nicolas and Lagadeuc, Yvan and Devictor, Vincent and Doyen, Luc and Duputi{\'e}, Anne and Eveillard, Damien and Faure, Denis and Garnier, Eric and Gimenez, Olivier and Huneman, Philippe and others},
  journal={Journal of applied ecology},
  volume={52},
  number={5},
  pages={1293--1310},
  year={2015},
  publisher={Wiley Online Library}
}

@misc{johnstone2009statistical,
  title={Statistical challenges of high-dimensional data},
  author={Johnstone, Iain M and Titterington, D Michael},
  journal={Philosophical Transactions of the Royal Society A: Mathematical, Physical and Engineering Sciences},
  volume={367},
  number={1906},
  pages={4237--4253},
  year={2009},
  publisher={The Royal Society Publishing}
}

@article{ionides2006inference,
  title={Inference for nonlinear dynamical systems},
  author={Ionides, Edward L and Bret{\'o}, Carles and King, Aaron A},
  journal={Proceedings of the National Academy of Sciences},
  volume={103},
  number={49},
  pages={18438--18443},
  year={2006},
  publisher={National Acad Sciences}
}


@article{bhadra2011malaria,
  title={Malaria in Northwest India: Data analysis via partially observed stochastic differential equation models driven by L{\'e}vy noise},
  author={Bhadra, Anindya and Ionides, Edward L and Laneri, Karina and Pascual, Mercedes and Bouma, Menno and Dhiman, Ramesh C},
  journal={Journal of the American Statistical Association},
  volume={106},
  number={494},
  pages={440--451},
  year={2011},
  publisher={Taylor \& Francis}
}


@article{havel1993daphnia,
  title={Daphnia lumholtzi in North America: another exotic zooplankter},
  author={Havel, John E and Hebert, Paul DN},
  journal={Limnology and Oceanography},
  volume={38},
  number={8},
  pages={1823--1827},
  year={1993},
  publisher={Wiley Online Library}
}

@article{martinez1994effect,
  title={Effect of food type and concentration on the survival, longevity, and reproduction of Daphnia magna},
  author={Mart{\'\i}nez-Jer{\'o}nimo, Fernando and Villase{\~n}or, Rafael and Rios, Guillermo and Espinosa, F{\'e}lix},
  journal={Hydrobiologia},
  volume={287},
  pages={207--214},
  year={1994},
  publisher={Springer}
}

@article{arnold1971ingestion,
  title={INGESTION, ASSIMILATION, SURVIVAL, AND REPRODUCTION BY DAPHNIA PULEX FED SEVEN SPECIES OF BLUE-GREEN ALGAE 1, 2},
  author={Arnold, Dean E},
  journal={Limnology and oceanography},
  volume={16},
  number={6},
  pages={906--920},
  year={1971},
  publisher={Wiley Online Library}
}

@article{duffy2010temporal,
  title={Temporal, spatial, and between-host comparisons of patterns of parasitism in lake zooplankton},
  author={Duffy, Meghan A and C{\'a}ceres, Carla E and Hall, Spencer R and Tessier, Alan J and Ives, Anthony R},
  journal={Ecology},
  volume={91},
  number={11},
  pages={3322--3331},
  year={2010},
  publisher={Wiley Online Library}
}

@article{levin1992problem,
  title={The problem of pattern and scale in ecology: the Robert H. MacArthur award lecture},
  author={Levin, Simon A},
  journal={Ecology},
  volume={73},
  number={6},
  pages={1943--1967},
  year={1992},
  publisher={Wiley Online Library}
}

@article{breto2009time,
  title={Time series analysis via mechanistic models},
  author={Bret{\'o}, Carles and He, Daihai and Ionides, Edward L and King, Aaron A},
  journal={The Annals of Applied Statistics},
  pages={319--348},
  year={2009},
  publisher={JSTOR}
}

@article{weiss2013sir,
  title={The SIR model and the foundations of public health},
  author={Weiss, Howard Howie},
  journal={Materials matematics},
  pages={0001--17},
  year={2013}
}

@book{wilkinson2018stochastic,
  title={Stochastic modelling for systems biology},
  author={Wilkinson, Darren J},
  year={2018},
  publisher={CRC press}
}

@article{searle2016salinization,
  title={Salinization decreases population densities of the freshwater crustacean, Daphnia dentifera},
  author={Searle, Catherine L and Shaw, Clara L and Hunsberger, Katherine K and Prado, Magen and Duffy, Meghan A},
  journal={Hydrobiologia},
  volume={770},
  pages={165--172},
  year={2016},
  publisher={Springer}
}

@inbook{Duarte2003,
  title="The limits to models in ecology",
  author="Duarte, Carlos M and Amthor, Jeffrey S and DeAngelis, Donald L and Joyce, Linda A and Maranger, Roxane J and Pace, Michael L and Pastor, John and Running, Steven W",
  booktitle="Models in Ecosystem Science",
  pages="437--451",
  year=2003,
  publisher="Princeton University Press",
  address="New Jersey, NY"
}

@article{Edwards2012,
  title="Inference for dynamic and latent variable models via iterated, perturbed Bayes maps",
  author="Ionides, Edward L and Nguyen, Dao and Atchad{\'e}, Yves and Stoev, Stilian and King, Aaron A",
  journal="Proceedings of the National Academy of Sciences",
  volume="112",
  number="3",
  pages="719--724",
  year=2015,
  publisher="National Acad Sciences"
}


@article{King2016,
  title="Statistical inference for partially observed Markov processes via the {R} package pomp",
  author="King, Aaron A and Nguyen, Dao and Ionides, Edward L",
  journal="Journal of Statistical Software",
  volume="69",
  number="12",
  year=2016,
  doi="10.18637/jss.v069.i12"
}

@article{king2022markov,
  title={Markov genealogy processes},
  author={King, Aaron A and Lin, Qianying and Ionides, Edward L},
  journal={Theoretical population biology},
  volume={143},
  pages={77--91},
  year={2022},
  publisher={Elsevier}
}

@article{wood2001partially,
  title={Partially specified ecological models},
  author={Wood, Simon N},
  journal={Ecological Monographs},
  volume={71},
  number={1},
  pages={1--25},
  year={2001},
  publisher={Wiley Online Library}
}


@article{park2020inference,
  title={Inference on high-dimensional implicit dynamic models using a guided intermediate resampling filter},
  author={Park, Joonha and Ionides, Edward L},
  journal={Statistics and computing},
  volume={30},
  number={5},
  pages={1497--1522},
  year={2020},
  publisher={Springer}
}


@article{xue2020data,
  title={A data-driven network model for the emerging COVID-19 epidemics in Wuhan, Toronto and Italy},
  author={Xue, Ling and Jing, Shuanglin and Miller, Joel C and Sun, Wei and Li, Huafeng and Estrada-Franco, Jos{\'e} Guillermo and Hyman, James M and Zhu, Huaiping},
  journal={Mathematical biosciences},
  volume={326},
  pages={108391},
  year={2020},
  publisher={Elsevier}
}


@article{welton2005estimation,
  title={Estimation of Markov chain transition probabilities and rates from fully and partially observed data: uncertainty propagation, evidence synthesis, and model calibration},
  author={Welton, Nicky J and Ades, AE},
  journal={Medical Decision Making},
  volume={25},
  number={6},
  pages={633--645},
  year={2005},
  publisher={Sage Publications Sage CA: Thousand Oaks, CA}
}


@article{Searle2016,
  title="Population Density, Not Host Competence, Drives Patterns of Disease in an Invaded Community",
  author="Searle, Catherine L and Cortez, Michael H and Hunsberger, Katherine K and Grippi, Dylan C and Oleksy, Isabella A and Shaw, Clara L and de la Serna, Solanus B and Lash, Chloe L and Dhir, Kailash L and Duffy, Meghan A",
  journal="The American Naturalist",
  volume="188",
  number="5",
  pages="554--566",
  year=2016,
  publisher="University of Chicago Press Chicago, IL",
  doi="10.1086/688402"
}

@article{breto2011compound,
  title={Compound markov counting processes and their applications to modeling infinitesimally over-dispersed systems},
  author={Bret{\'o}, Carles and Ionides, Edward L},
  journal={Stochastic Processes and their Applications},
  volume={121},
  number={11},
  pages={2571--2591},
  year={2011},
  publisher={Elsevier}
}


@article{Stalidzans2020,
  title="Mechanistic Modeling and Multiscale Applications for Precision Medicine: Theory and Practice",
  author="Stalidzans, Egils and Zanin, Massimiliano and Tieri, Paolo and Castiglione, Filippo and Polster, Andrew and Scheiner, Stefanie and Schmidt, Harald H",
  journal="Network and systems medicine",
  volume="3",
  number="1",
  pages="36--56",
  year=2020,
  publisher="Mary Ann Liebert, Inc. publishers",
  doi="10.1089/nsm.2020.0002",
  url="https://doi.org/10.1089/nsm.2020.0002"
}

@incollection{8,
  title="State-Space Models",
  author="Shumway, Robert H and Stoffer, David S",
  booktitle="Time Series Analysis and Its Applications",
  edition="2",
  editor="Casella, George and Fienberg, Stephen and Olkin, Ingram",
  year=2006,
  publisher="Springer Science+Business Media Inc.",
  address="New York",
  pages="207--256"
}



